
@article{ricker1954,
  title = {Stock and Recruitment},
  volume = {11},
  number = {5},
  journal = {J. Fish. Res. Board Can.},
  author = {Ricker, W E},
  year = {1954},
  pages = {559-623}
}
